@book{habermas1991structural,
  title={The structural transformation of the public sphere: An inquiry into a category of bourgeois society},
  author={Habermas, Jurgen},
  year={1991},
  publisher={MIT press}
}

@article{gibbs2013overcoming,
  title={Overcoming the “ideology of openness”: Probing the affordances of social media for organizational knowledge sharing},
  author={Gibbs, Jennifer L and Rozaidi, Nik Ahmad and Eisenberg, Julia},
  journal={Journal of Computer-Mediated Communication},
  volume={19},
  number={1},
  pages={102--120},
  year={2013},
  publisher={Oxford University Press Oxford, UK}
}

@book{sunstein2018republic,
  title={\# Republic: Divided democracy in the age of social media},
  author={Sunstein, Cass},
  year={2018},
  publisher={Princeton university press}
}

@article{ocal2021reasoning,
  title={Reasoning in social media: insights from Reddit “Change My View” submissions},
  author={{\"O}cal, Ay{\c{s}}e and Xiao, Lu and Park, Jaihyun},
  journal={Online Information Review},
  volume={45},
  number={7},
  pages={1208--1226},
  year={2021},
  publisher={Emerald Publishing Limited}
}

@inproceedings{grevet2014managing,
  title={Managing political differences in social media},
  author={Grevet, Catherine and Terveen, Loren G and Gilbert, Eric},
  booktitle={Proceedings of the 17th ACM conference on Computer supported cooperative work \& social computing},
  pages={1400--1408},
  year={2014}
}

@misc{lima2020,
  author       = {Lima, Cristiano},
  howpublished = {https://www.politico.com/news/2020/08/12/twitter-fights-mail-in-voting-misinformation-394459},
  title        = {Twitter plans clampdown on mail-in voting misinformation amid friction with Trump},
  year         = {2020}
}

@misc{twitter2021,
  author       = {Twitter},
  howpublished = {https://help.twitter.com/en/rules-and-policies/election-integrity-policy},
  title        = {Civic integrity policy},
  year         = {2021}
}

@inproceedings{kiene2016surviving,
  title={Surviving an" eternal september" how an online community managed a surge of newcomers},
  author={Kiene, Charles and Monroy-Hern{\'a}ndez, Andr{\'e}s and Hill, Benjamin Mako},
  booktitle={Proceedings of the 2016 CHI Conference on Human Factors in Computing Systems},
  pages={1152--1156},
  year={2016}
}

@article{boot2019character,
  title={How character limit affects language usage in tweets},
  author={Boot, Arnout B and Tjong Kim Sang, Erik and Dijkstra, Katinka and Zwaan, Rolf A},
  journal={Palgrave Communications},
  volume={5},
  number={1},
  year={2019},
  publisher={Springer Science and Business Media LLC}
}

@inproceedings{m2021political,
  title={Political polarization and platform migration: A study of Parler and Twitter usage by United States of America congress members},
  author={M. Otala, Jacqueline and Kurtic, Gillian and Grasso, Isabella and Liu, Yu and Matthews, Jeanna and Madraki, Golshan},
  booktitle={Companion Proceedings of the Web Conference 2021},
  pages={224--231},
  year={2021}
}

@article{cinelli2021dynamics,
  title={Dynamics of online hate and misinformation},
  author={Cinelli, Matteo and Pelicon, Andra{\v{z}} and Mozeti{\v{c}}, Igor and Quattrociocchi, Walter and Novak, Petra Kralj and Zollo, Fabiana},
  journal={Scientific reports},
  volume={11},
  number={1},
  pages={22083},
  year={2021},
  publisher={Nature Publishing Group UK London}
}

@inproceedings{lima2018inside,
  title={Inside the right-leaning echo chambers: Characterizing gab, an unmoderated social system},
  author={Lima, Lucas and Reis, Julio CS and Melo, Philipe and Murai, Fabricio and Araujo, Leandro and Vikatos, Pantelis and Benevenuto, Fabricio},
  booktitle={2018 ieee/acm international conference on advances in social networks analysis and mining (asonam)},
  pages={515--522},
  year={2018},
  organization={IEEE}
}

@inproceedings{danescu2013no,
  title={No country for old members: User lifecycle and linguistic change in online communities},
  author={Danescu-Niculescu-Mizil, Cristian and West, Robert and Jurafsky, Dan and Leskovec, Jure and Potts, Christopher},
  booktitle={Proceedings of the 22nd international conference on World Wide Web},
  pages={307--318},
  year={2013}
}

@inproceedings{rajadesingan2020quick,
  title={Quick, community-specific learning: How distinctive toxicity norms are maintained in political subreddits},
  author={Rajadesingan, Ashwin and Resnick, Paul and Budak, Ceren},
  booktitle={Proceedings of the International AAAI Conference on Web and Social Media},
  volume={14},
  pages={557--568},
  year={2020}
}

@inproceedings{kumar2011understanding,
  title={Understanding user migration patterns in social media},
  author={Kumar, Shamanth and Zafarani, Reza and Liu, Huan},
  booktitle={Proceedings of the AAAI Conference on Artificial Intelligence},
  volume={25},
  number={1},
  pages={1204--1209},
  year={2011}
}

@inproceedings{newell2016user,
  title={User migration in online social networks: A case study on reddit during a period of community unrest},
  author={Newell, Edward and Jurgens, David and Saleem, Haji and Vala, Hardik and Sassine, Jad and Armstrong, Caitrin and Ruths, Derek},
  booktitle={Proceedings of the International AAAI Conference on Web and Social Media},
  volume={10},
  number={1},
  pages={279--288},
  year={2016}
}

@inproceedings{seering2017shaping,
  title={Shaping pro and anti-social behavior on twitch through moderation and example-setting},
  author={Seering, Joseph and Kraut, Robert and Dabbish, Laura},
  booktitle={Proceedings of the 2017 ACM conference on computer supported cooperative work and social computing},
  pages={111--125},
  year={2017}
}

@inproceedings{gillani2018me,
  title={Me, my echo chamber, and I: introspection on social media polarization},
  author={Gillani, Nabeel and Yuan, Ann and Saveski, Martin and Vosoughi, Soroush and Roy, Deb},
  booktitle={Proceedings of the 2018 World Wide Web Conference},
  pages={823--831},
  year={2018}
}

@inproceedings{zannettou2018gab,
  title={What is gab: A bastion of free speech or an alt-right echo chamber},
  author={Zannettou, Savvas and Bradlyn, Barry and De Cristofaro, Emiliano and Kwak, Haewoon and Sirivianos, Michael and Stringini, Gianluca and Blackburn, Jeremy},
  booktitle={Companion Proceedings of the The Web Conference 2018},
  pages={1007--1014},
  year={2018}
}

@inproceedings{dori2021restoring,
  title={Restoring healthy online discourse by detecting and reducing controversy, misinformation, and toxicity online},
  author={Dori-Hacohen, Shiri and Sung, Keen and Chou, Jengyu and Lustig-Gonzalez, Julian},
  booktitle={Proceedings of the 44th International ACM SIGIR Conference on Research and Development in Information Retrieval},
  pages={2627--2628},
  year={2021}
}

@inproceedings{fair2019shouting,
  title={Shouting into the void: A database of the alternative social media platform gab},
  author={Fair, Gabriel and Wesslen, Ryan},
  booktitle={Proceedings of the International AAAI Conference on Web and Social Media},
  volume={13},
  pages={608--610},
  year={2019}
}

@article{kim2021distorting,
  title={The distorting prism of social media: How self-selection and exposure to incivility fuel online comment toxicity},
  author={Kim, Jin Woo and Guess, Andrew and Nyhan, Brendan and Reifler, Jason},
  journal={Journal of Communication},
  volume={71},
  number={6},
  pages={922--946},
  year={2021},
  publisher={Oxford University Press}
}

@inproceedings{mathew2019spread,
  title={Spread of hate speech in online social media},
  author={Mathew, Binny and Dutt, Ritam and Goyal, Pawan and Mukherjee, Animesh},
  booktitle={Proceedings of the 10th ACM conference on web science},
  pages={173--182},
  year={2019}
}

@book{sumner1906folkways,
  title={Folkways: A study of the sociological importance of usages, manners, customs, mores, and morals},
  author={Sumner, William Graham},
  year={1906},
  publisher={Ginn and Co.}
}

@article{tong1999language,
  title={Language use as a carrier of social identity},
  author={Tong, Yuk-yue and Hong, Ying-yi and Lee, Sau-lai and Chiu, Chi-yue},
  journal={International Journal of Intercultural Relations},
  volume={23},
  number={2},
  pages={281--296},
  year={1999},
  publisher={Elsevier}
}

@article{maass1989language,
  title={Language use in intergroup contexts: The linguistic intergroup bias.},
  author={Maass, Anne and Salvi, Daniela and Arcuri, Luciano and Semin, G{\"u}n R},
  journal={Journal of personality and social psychology},
  volume={57},
  number={6},
  pages={981},
  year={1989},
  publisher={American Psychological Association}
}

@book{mutz2006hearing,
  title={Hearing the other side: Deliberative versus participatory democracy},
  author={Mutz, Diana C},
  year={2006},
  publisher={Cambridge University Press}
}

@inproceedings{an2019political,
  title={Political discussions in homogeneous and cross-cutting communication spaces},
  author={An, Jisun and Kwak, Haewoon and Posegga, Oliver and Jungherr, Andreas},
  booktitle={Proceedings of the International AAAI Conference on Web and Social Media},
  volume={13},
  pages={68--79},
  year={2019}
}

@inproceedings{kooti2012predicting,
  title={Predicting emerging social conventions in online social networks},
  author={Kooti, Farshad and Mason, Winter A and Gummadi, Krishna P and Cha, Meeyoung},
  booktitle={Proceedings of the 21st ACM international conference on Information and knowledge management},
  pages={445--454},
  year={2012}
}

@article{opp2001norms,
  title={How do norms emerge? An outline of a theory},
  author={Opp, Karl-Dieter},
  journal={Mind \& Society},
  volume={2},
  pages={101--128},
  year={2001},
  publisher={Springer}
}

@inproceedings{memon2020characterizing,
  title={Characterizing sociolinguistic variation in the competing vaccination communities},
  author={Memon, Shahan Ali and Tyagi, Aman and Mortensen, David R and Carley, Kathleen M},
  booktitle={International conference on Social Computing, Behavioral-Cultural Modeling and Prediction and Behavior representation in modeling and simulation},
  pages={118--129},
  year={2020},
  organization={Springer}
}

@misc{mccluney2019code,
  author       = {McCluney, Courtney L and Robotham, Kathrina and Lee, Serenity and Smith, Richard and Durkee, Myles},
  howpublished = {https://hbr.org/2019/11/the-costs-of-codeswitching},
  title        = {The costs of code-switching},
  year         = {2019}
}

@book{hudson_1996,
  title={Sociolinguistics},
  author={Hudson, Richard A},
  year={1996},
  publisher={Cambridge University Press},
  place={Cambridge}
}

@inproceedings{aliapoulios2021large,
  title={A large open dataset from the Parler social network},
  author={Aliapoulios, Max and Bevensee, Emmi and Blackburn, Jeremy and Bradlyn, Barry and De Cristofaro, Emiliano and Stringhini, Gianluca and Zannettou, Savvas},
  booktitle={Proceedings of the International AAAI Conference on Web and Social Media},
  volume={15},
  pages={943--951},
  year={2021}
}
@book{Weber_2009, 
place={Strasbourg}, 
title={Manual on hate speech}, 
publisher={Council of Europe}, 
author={Weber, Anne}, 
year={2009}
}

@inproceedings{wulczyn2017ex,
  title={Ex machina: Personal attacks seen at scale},
  author={Wulczyn, Ellery and Thain, Nithum and Dixon, Lucas},
  booktitle={Proceedings of the 26th international conference on world wide web},
  pages={1391--1399},
  year={2017}
}

@article{krackhardt1988informal,
  title={Informal networks and organizational crises: An experimental simulation},
  author={Krackhardt, David and Stern, Robert N},
  journal={Social psychology quarterly},
  pages={123--140},
  year={1988},
  publisher={JSTOR}
}

@article{berry2021estimating,
  title={Estimating Homophily in Social Networks Using Dyadic Predictions},
  author={Berry, George and Sirianni, Antonio and Weber, Ingmar and An, Jisun and Macy, Michael},
  journal={Sociological Science},
  volume={8},
  pages={285--307},
  year={2021}
}

@article{monroe2008fightin,
  title={Fightin'words: Lexical feature selection and evaluation for identifying the content of political conflict},
  author={Monroe, Burt L and Colaresi, Michael P and Quinn, Kevin M},
  journal={Political Analysis},
  volume={16},
  number={4},
  pages={372--403},
  year={2008},
  publisher={Cambridge University Press}
}

@article{dickey1979distribution,
  title={Distribution of the estimators for autoregressive time series with a unit root},
  author={Dickey, David A and Fuller, Wayne A},
  journal={Journal of the American statistical association},
  volume={74},
  number={366a},
  pages={427--431},
  year={1979},
  publisher={Taylor \& Francis}
}

@article{dubois2020journalists,
  title={Journalists’ use of social media to infer public opinion: The citizens’ perspective},
  author={Dubois, Elizabeth and Gruzd, Anatoliy and Jacobson, Jenna},
  journal={Social science computer review},
  volume={38},
  number={1},
  pages={57--74},
  year={2020},
  publisher={SAGE Publications Sage CA: Los Angeles, CA}
}

@article{blackwell2017classification,
  title={Classification and its consequences for online harassment: Design insights from heartmob},
  author={Blackwell, Lindsay and Dimond, Jill and Schoenebeck, Sarita and Lampe, Cliff},
  journal={Proceedings of the ACM on Human-Computer Interaction},
  volume={1},
  number={CSCW},
  pages={1--19},
  year={2017},
  publisher={ACM New York, NY, USA}
}

@inproceedings{fiesler2020no,
  title={No robots, spiders, or scrapers: Legal and ethical regulation of data collection methods in social media terms of service},
  author={Fiesler, Casey and Beard, Nathan and Keegan, Brian C},
  booktitle={Proceedings of the international AAAI conference on web and social media},
  volume={14},
  pages={187--196},
  year={2020}
}

@article{chandrasekharan2017you,
  title={You can't stay here: The efficacy of reddit's 2015 ban examined through hate speech},
  author={Chandrasekharan, Eshwar and Pavalanathan, Umashanthi and Srinivasan, Anirudh and Glynn, Adam and Eisenstein, Jacob and Gilbert, Eric},
  journal={Proceedings of the ACM on human-computer interaction},
  volume={1},
  number={CSCW},
  pages={1--22},
  year={2017},
  publisher={ACM New York, NY, USA}
}

@inproceedings{almuhimedi2013tweets,
  title={Tweets are forever: a large-scale quantitative analysis of deleted tweets},
  author={Almuhimedi, Hazim and Wilson, Shomir and Liu, Bin and Sadeh, Norman and Acquisti, Alessandro},
  booktitle={Proceedings of the 2013 conference on Computer supported cooperative work},
  pages={897--908},
  year={2013}
}

@inproceedings{kwak2020systematic,
  title={A systematic media frame analysis of 1.5 million new york times articles from 2000 to 2017},
  author={Kwak, Haewoon and An, Jisun and Ahn, Yong-Yeol},
  booktitle={Proceedings of the 12th ACM Conference on Web Science},
  pages={305--314},
  year={2020}
}

@article{gallacher2021online,
  title={Online engagement between opposing political protest groups via social media is linked to physical violence of offline encounters},
  author={Gallacher, John D and Heerdink, Marc W and Hewstone, Miles},
  journal={Social Media+ Society},
  volume={7},
  number={1},
  pages={2056305120984445},
  year={2021},
  publisher={SAGE Publications Sage UK: London, England}
}

@article{chipidza2021effect,
  title={The effect of toxicity on COVID-19 news network formation in political subcommunities on Reddit: An affiliation network approach},
  author={Chipidza, Wallace},
  journal={International Journal of Information Management},
  volume={61},
  pages={102397},
  year={2021},
  publisher={Elsevier}
}

@inproceedings{hua2020characterizing,
  title={Characterizing twitter users who engage in adversarial interactions against political candidates},
  author={Hua, Yiqing and Naaman, Mor and Ristenpart, Thomas},
  booktitle={Proceedings of the 2020 CHI conference on human factors in computing systems},
  pages={1--13},
  year={2020}
}

@inbook{tajfel1979integrative,
  author         = {Tajfel, H and Turner, J},
  chapter        = {An integrative theory of intergroup conflict},
  editor         = {Austin, WG and Worchel, S},
  pages          = {33-47},
  publisher      = {Brooks Cole},
  title          = {The social psychology of intergroup relations},
  year           = {1979}
}

@article{iyengar2012affect,
  title={Affect, not ideology: A social identity perspective on polarization},
  author={Iyengar, Shanto and Sood, Gaurav and Lelkes, Yphtach},
  journal={Public opinion quarterly},
  volume={76},
  number={3},
  pages={405--431},
  year={2012},
  publisher={Oxford University Press US}
}

@article{iyengar2019origins,
  title={The origins and consequences of affective polarization in the United States},
  author={Iyengar, Shanto and Lelkes, Yphtach and Levendusky, Matthew and Malhotra, Neil and Westwood, Sean J},
  journal={Annual review of political science},
  volume={22},
  pages={129--146},
  year={2019},
  publisher={Annual Reviews}
}

@article{kubin2021role,
  title={The role of (social) media in political polarization: a systematic review},
  author={Kubin, Emily and von Sikorski, Christian},
  journal={Annals of the International Communication Association},
  volume={45},
  number={3},
  pages={188--206},
  year={2021},
  publisher={Taylor \& Francis}
}

@article{prior2005news,
  title={News vs. entertainment: How increasing media choice widens gaps in political knowledge and turnout},
  author={Prior, Markus},
  journal={American Journal of Political Science},
  volume={49},
  number={3},
  pages={577--592},
  year={2005},
  publisher={Wiley Online Library}
}

@article{mutz2018status,
  title={Status threat, not economic hardship, explains the 2016 presidential vote},
  author={Mutz, Diana C},
  journal={Proceedings of the National Academy of Sciences},
  volume={115},
  number={19},
  pages={E4330--E4339},
  year={2018},
  publisher={National Acad Sciences}
}

@book{mason2018uncivil,
  title={Uncivil agreement: How politics became our identity},
  author={Mason, Lilliana},
  year={2018},
  publisher={University of Chicago Press}
}

@article{iyengar2015fear,
  title={Fear and loathing across party lines: New evidence on group polarization},
  author={Iyengar, Shanto and Westwood, Sean J},
  journal={American journal of political science},
  volume={59},
  number={3},
  pages={690--707},
  year={2015},
  publisher={Wiley Online Library}
}

@article{mutz2005new,
  title={The new videomalaise: Effects of televised incivility on political trust},
  author={Mutz, Diana C and Reeves, Byron},
  journal={American Political Science Review},
  volume={99},
  number={1},
  pages={1--15},
  year={2005},
  publisher={Cambridge University Press}
}

@inproceedings{kalmoe2019lethal,
  title={Lethal mass partisanship: Prevalence, correlates, and electoral contingencies},
  author={Kalmoe, Nathan P and Mason, Lilliana},
  booktitle={National Capital Area Political Science Association American Politics Meeting},
  year={2019},
  pages={1--41}
}

@article{barbera2015understanding,
  title={Understanding the political representativeness of Twitter users},
  author={Barber{\'a}, Pablo and Rivero, Gonzalo},
  journal={Social Science Computer Review},
  volume={33},
  number={6},
  pages={712--729},
  year={2015},
  publisher={Sage Publications Sage CA: Los Angeles, CA}
}

@inproceedings{levenshtein1966binary,
  title={Binary codes capable of correcting deletions, insertions, and reversals},
  author={Levenshtein, Vladimir I and others},
  booktitle={Soviet physics doklady},
  volume={10},
  number={8},
  pages={707--710},
  year={1966},
  organization={Soviet Union}
}

@article{kim2022violent,
  title={Violent political rhetoric on Twitter},
  author={Kim, Taegyoon},
  journal={Political science research and methods},
  pages={1--23},
  year={2022},
  publisher={Cambridge University Press}
}

@article{ehrlich2015politics,
  title={The politics of affirmation theory: When group-affirmation leads to greater ingroup bias},
  author={Ehrlich, Gaven A and Gramzow, Richard H},
  journal={Personality and Social Psychology Bulletin},
  volume={41},
  number={8},
  pages={1110--1122},
  year={2015},
  publisher={Sage Publications Sage CA: Los Angeles, CA}
}

@article{clementson2018truth,
  title={Truth bias and partisan bias in political deception detection},
  author={Clementson, David E},
  journal={Journal of Language and Social Psychology},
  volume={37},
  number={4},
  pages={407--430},
  year={2018},
  publisher={SAGE Publications Sage CA: Los Angeles, CA}
}

@inproceedings{park2022raison,
  title={Raison d’{\^e}tre of the benchmark dataset: A Survey of Current Practices of Benchmark Dataset Sharing Platforms},
  author={Park, Jaihyun and Jeoung, Sullam},
  booktitle={Proceedings of NLP Power! The First Workshop on Efficient Benchmarking in NLP},
  pages={1--10},
  year={2022}
}

@article{bucher2018affordances,
  title={The affordances of social media platforms},
  author={Bucher, Taina and Helmond, Anne and others},
  journal={The SAGE handbook of social media},
  volume={1},
  pages={233--253},
  year={2018}
}

@article{shirazi2013social,
  title={Social media and the social movements in the Middle East and North Africa: A critical discourse analysis},
  author={Shirazi, Farid},
  journal={Information Technology \& People},
  volume={26},
  number={1},
  pages={28--49},
  year={2013},
  publisher={Emerald Group Publishing Limited}
}

@inproceedings{fortuna2020toxic,
  title={Toxic, hateful, offensive or abusive? what are we really classifying? an empirical analysis of hate speech datasets},
  author={Fortuna, Paula and Soler, Juan and Wanner, Leo},
  booktitle={Proceedings of the 12th language resources and evaluation conference},
  pages={6786--6794},
  year={2020}
}

@inproceedings{gehmanrealtoxicityprompts,
  title={REALTOXICITYPROMPTS: Evaluating Neural Toxic Degeneration in Language Models},
  author={Gehman, Samuel and Gururangan, Suchin and Sap, Maarten and Choi, Yejin and Smith, Noah A},
  booktitle={Proceedings of 2020 Conference on Empirical Methods in Natural Language Processing (EMNLP 2020)},
  pages={3356-3369},
  year={2020}
}

@article{fichman2023trolling,
  title={Trolling CNN and Fox News on Facebook, Instagram, and Twitter},
  author={Fichman, Pnina and Rathi, Maanvi},
  journal={Journal of the Association for Information Science and Technology},
  volume={74},
  number={5},
  pages={493--505},
  year={2023},
  publisher={Wiley Online Library}
}

@article{horta2023deplatforming,
  title={Deplatforming did not decrease Parler users’ activity on fringe social media},
  author={Horta Ribeiro, Manoel and Hosseinmardi, Homa and West, Robert and Watts, Duncan J},
  journal={PNAS nexus},
  volume={2},
  number={3},
  pages={pgad035},
  year={2023},
  publisher={Oxford University Press US}
}

@inproceedings{jakubik2023online,
  title={Online emotions during the storming of the US Capitol: evidence from the social media network Parler},
  author={Jakubik, Johannes and V{\"o}ssing, Michael and Pr{\"o}llochs, Nicolas and B{\"a}r, Dominik and Feuerriegel, Stefan},
  booktitle={Proceedings of the International AAAI Conference on Web and Social Media},
  volume={17},
  pages={423--434},
  year={2023}
}

@incollection{Bruns2015,
  title={Is Habermas on Twitter?: Social media and the public sphere},
  author={Bruns, Axel and Highfield, Tim},
  booktitle={The Routledge companion to social media and politics},
  pages={56--73},
  year={2015},
  publisher={Routledge}
}

@book{Cramer2016,
  title={The politics of resentment: Rural consciousness in Wisconsin and the rise of Scott Walker},
  author={Cramer, Katherine J},
  year={2016},
  publisher={University of Chicago Press}
}

@inproceedings{Conover2011,
  title={Political polarization on twitter},
  author={Conover, Michael and Ratkiewicz, Jacob and Francisco, Matthew and Gon{\c{c}}alves, Bruno and Menczer, Filippo and Flammini, Alessandro},
  booktitle={Proceedings of the international AAAI Conference on Web and Social Media},
  volume={5},
  number={1},
  pages={89--96},
  year={2011}
}

@book{Benkler2006,
  address = {New Haven, CT},
  author = {Benkler, Yochai},
  isbn = {0300110561},
  publisher = {Yale University Press},
  title = {The Wealth of Networks: How Social Production Transforms Markets and Freedom},
  year = {2006}
}

@misc{pewresearch,
  author = {Stocking, Galen and Mitchell, Amy and Eva Matsa, Katerina and Widjaya, Regina and Jurkowitz, Mark and Ghosh, Shreentia and Smith, Aaron and Naseer, Sarah and ST.Aubin, Chritopher},
  howpublished = {https://www.pewresearch.org/journalism/2022/10/06/the-role-of-alternative-social-media-in-the-news-and-information-environment/},
  title = {The Role of Alternative Social Media in the News and Information Environment},
  year  = {2022}
}

@inproceedings{meakacher2023,
  title={The systematic impact of deplatforming on social media},
  author={Mekacher, Amin and Falkenberg, Max and Baronchelli, Andrea},
  booktitle={PNAS Nexus},
  volume={2},
  number={11},
  pages={1-10},
  year={2023}
}

@article{park2023ripple,
  title={The ripple effect of dataset reuse: Contextualising the data lifecycle for machine learning data sets and social impact},
  author={Park, Jaihyun and Cordell, Ryan},
  journal={Journal of Information Science},
  pages={01655515231212977},
  year={2023},
  publisher={SAGE Publications Sage UK: London, England}
}

@inproceedings{park2023quantitative,
  title={A Quantitative Discourse Analysis of Asian Workers in the US Historical Newspapers},
  author={Park, Jaihyun and Cordell, Ryan},
  booktitle={The Joint 3rd International Conference on Natural Language Processing for Digital Humanities and 8th International Workshop on Computational Linguistics for Uralic Languages},
  pages={7-15},
  year={2023}
}

@inproceedings{dobreski2020remodeling,
  title={Remodeling archival metadata descriptions for linked archives},
  author={Dobreski, Brian and Park, Jaihyun and Leathers, Alicia and Qin, Jian},
  booktitle={Proceedings of the international conference on dublin core and metadata applications},
  year={2020},
  organization={Dublin Core Metadata Initiative}
}